{
  "leader": "01859cam a2200373Ii 4500",
  "fields": [
    {
      "001": "on1141216220"
    },
    {
      "003": "OCoLC"
    },
    {
      "005": "20220712133847.0"
    },
    {
      "008": "740109s1942\\\\\\\\nyu\\\\\\\\\\\\\\\\\\\\\\000\\0\\eng\\d"
    },
    {
      "010": {
        "ind1": "\\",
        "ind2": "\\",
        "subfields": [
          {
            "a": "   42036126 "
          }
        ]
      }
    },
    {
      "040": {
        "ind1": "\\",
        "ind2": "\\",
        "subfields": [
          {
            "a": "MUS"
          },
          {
            "b": "eng"
          },
          {
            "c": "MUS"
          },
          {
            "d": "OCLCO"
          },
          {
            "d": "OCLCF"
          },
          {
            "d": "OCLCQ"
          },
          {
            "d": "UKMGB"
          },
          {
            "d": "CKM"
          },
          {
            "d": "IPL"
          },
          {
            "d": "AAA"
          },
          {
            "d": "OCLCO"
          }
        ]
      }
    },
    {
      "016": {
        "ind1": "7",
        "ind2": "\\",
        "subfields": [
          {
            "a": "000033964"
          },
          {
            "2": "Uk"
          }
        ]
      }
    },
    {
      "019": {
        "ind1": "\\",
        "ind2": "\\",
        "subfields": [
          {
            "a": "1064995599"
          },
          {
            "a": "1150834855"
          },
          {
            "a": "1157039681"
          },
          {
            "a": "1192422081"
          },
          {
            "a": "1197612780"
          },
          {
            "a": "1238178815"
          },
          {
            "a": "1264739592"
          },
          {
            "a": "1291699608"
          },
          {
            "a": "1295981470"
          }
        ]
      }
    },
    {
      "035": {
        "ind1": "\\",
        "ind2": "\\",
        "subfields": [
          {
            "a": "(OCoLC)1141216220"
          },
          {
            "z": "(OCoLC)1064995599"
          },
          {
            "z": "(OCoLC)1150834855"
          },
          {
            "z": "(OCoLC)1157039681"
          },
          {
            "z": "(OCoLC)1192422081"
          },
          {
            "z": "(OCoLC)1197612780"
          },
          {
            "z": "(OCoLC)1238178815"
          },
          {
            "z": "(OCoLC)1264739592"
          },
          {
            "z": "(OCoLC)1291699608"
          },
          {
            "z": "(OCoLC)1295981470"
          }
        ]
      }
    },
    {
      "050": {
        "ind1": "\\",
        "ind2": "4",
        "subfields": [
          {
            "a": "LB2350 .A5"
          }
        ]
      }
    },
    {
      "050": {
        "ind1": "\\",
        "ind2": "4",
        "subfields": [
          {
            "a": "LB2350"
          },
          {
            "b": ".A5"
          }
        ]
      }
    },
    {
      "082": {
        "ind1": "0",
        "ind2": "4",
        "subfields": [
          {
            "a": "373.73"
          },
          {
            "b": "AIK"
          }
        ]
      }
    },
    {
      "100": {
        "ind1": "1",
        "ind2": "\\",
        "subfields": [
          {
            "a": "Aikin, Wilford M."
          },
          {
            "q": "(Wilford Merton),"
          },
          {
            "d": "1882-"
          }
        ]
      }
    },
    {
      "245": {
        "ind1": "1",
        "ind2": "4",
        "subfields": [
          {
            "a": "The story of the eight-year study :"
          },
          {
            "b": "with conclusions and recommendations /"
          },
          {
            "c": "[by] Wilford M. Aikin."
          }
        ]
      }
    },
    {
      "260": {
        "ind1": "\\",
        "ind2": "\\",
        "subfields": [
          {
            "a": "New York :"
          },
          {
            "b": "Harper, "
          },
          {
            "c": "[1942]"
          }
        ]
      }
    },
    {
      "300": {
        "ind1": "\\",
        "ind2": "\\",
        "subfields": [
          {
            "a": "8 preliminary leaves, 157 pages ;"
          },
          {
            "c": "21 cm"
          }
        ]
      }
    },
    {
      "336": {
        "ind1": "\\",
        "ind2": "\\",
        "subfields": [
          {
            "a": "text"
          },
          {
            "b": "txt"
          },
          {
            "2": "rdacontent"
          }
        ]
      }
    },
    {
      "337": {
        "ind1": "\\",
        "ind2": "\\",
        "subfields": [
          {
            "a": "unmediated"
          },
          {
            "b": "n"
          },
          {
            "2": "rdamedia"
          }
        ]
      }
    },
    {
      "338": {
        "ind1": "\\",
        "ind2": "\\",
        "subfields": [
          {
            "a": "volume"
          },
          {
            "b": "nc"
          },
          {
            "2": "rdacarrier"
          }
        ]
      }
    },
    {
      "340": {
        "ind1": "\\",
        "ind2": "\\",
        "subfields": [
          {
            "m": "8vo."
          },
          {
            "2": "rdabf"
          }
        ]
      }
    },
    {
      "490": {
        "ind1": "1",
        "ind2": "\\",
        "subfields": [
          {
            "a": "[Progressive Education Association. Commission on the relation of school and college] Adventure in American education ;"
          },
          {
            "v": "v. 1"
          }
        ]
      }
    },
    {
      "500": {
        "ind1": "\\",
        "ind2": "\\",
        "subfields": [
          {
            "a": "Half-title: Progressive education association . Publications ..."
          }
        ]
      }
    },
    {
      "500": {
        "ind1": "\\",
        "ind2": "\\",
        "subfields": [
          {
            "a": "Study of thirty secondary schools, 1930-1941, with the purpose of establishing an improved relationship between school and college."
          }
        ]
      }
    },
    {
      "650": {
        "ind1": "\\",
        "ind2": "0",
        "subfields": [
          {
            "a": "Articulation (Education)"
          }
        ]
      }
    },
    {
      "650": {
        "ind1": "\\",
        "ind2": "7",
        "subfields": [
          {
            "a": "Articulation (Education)"
          },
          {
            "2": "fast"
          },
          {
            "0": "(OCoLC)fst00817192"
          }
        ]
      }
    },
    {
      "830": {
        "ind1": "\\",
        "ind2": "0",
        "subfields": [
          {
            "a": "Progressive Education Association. Commission on the relation of school and college. Adventure in American education ;"
          },
          {
            "v": "v. 1."
          }
        ]
      }
    },
    {
      "994": {
        "ind1": "\\",
        "ind2": "\\",
        "subfields": [
          {
            "a": "Z0"
          },
          {
            "b": "NYRVC"
          }
        ]
      }
    },
    {
      "948": {
        "ind1": "\\",
        "ind2": "\\",
        "subfields": [
          {
            "h": "NO HOLDINGS IN NYRVC - 55 OTHER HOLDINGS"
          }
        ]
      }
    },
    {
      "999": {
        "ind1": "\\",
        "ind2": "\\",
        "subfields": [
          {
            "a": "00000000019807"
          }
        ]
      }
    }
  ]
}